%% This BibTeX bibliography file was created using BibDesk.
%% http://bibdesk.sourceforge.net/


%% Created for Matthias Geissb√ºhler at 2011-03-21 13:46:46 +0100 


%% Saved with string encoding Unicode (UTF-8) 
@article{CandesR07,
  author    = {Emmanuel J. Cand{\`{e}}s and
               Justin K. Romberg},
  title     = {Errata for Quantitative Robust Uncertainty Principles and Optimally
               Sparse Decompositions},
  journal   = {Foundations of Computational Mathematics},
  volume    = {7},
  number    = {4},
  pages     = {529--531},
  year      = {2007},
  url       = {http://dx.doi.org/10.1007/s10208-007-7162-6},
  doi       = {10.1007/s10208-007-7162-6},
  timestamp = {Tue, 11 Mar 2008 13:33:15 +0100},
  biburl    = {http://dblp.uni-trier.de/rec/bib/journals/focm/CandesR07},
  bibsource = {dblp computer science bibliography, http://dblp.org}
}
@article{Donoho01,
  author    = {David L. Donoho},
  title     = {Compressed sensing},
  journal   = {{IEEE} Trans. Information Theory},
  volume    = {52},
  number    = {4},
  pages     = {1289--1306},
  year      = {2006},
  url       = {http://dx.doi.org/10.1109/TIT.2006.871582},
  doi       = {10.1109/TIT.2006.871582},
  timestamp = {Wed, 09 Mar 2016 15:07:31 +0100},
  biburl    = {http://dblp.uni-trier.de/rec/bib/journals/tit/Donoho06},
  bibsource = {dblp computer science bibliography, http://dblp.org}
}

@inproceedings{wakin2006architecture,
  title={An architecture for compressive imaging},
  author={Wakin, Michael B and Laska, Jason N and Duarte, Marco F and Baron, Dror and Sarvotham, Shriram and Takhar, Dharmpal and Kelly, Kevin F and Baraniuk, Richard G},
  booktitle={2006 International Conference on Image Processing},
  pages={1273--1276},
  year={2006},
  organization={IEEE}
}

@article{duarte2008single,
  title={Single-pixel imaging via compressive sampling},
  author={Duarte, Marco F and Davenport, Mark A and Takhar, Dharmpal and Laska, Jason N and Sun, Ting and Kelly, Kevin F and Baraniuk, Richard G},
  journal={IEEE Signal Processing Magazine},
  volume={25},
  number={2},
  pages={83--91},
  year={2008},
  publisher={IEEE}
}

@article{li2013efficient,
  title={An efficient augmented Lagrangian method with applications to total variation minimization},
  author={Li, Chengbo and Yin, Wotao and Jiang, Hong and Zhang, Yin},
  journal={Computational Optimization and Applications},
  volume={56},
  number={3},
  pages={507--530},
  year={2013},
  publisher={Springer US}
}

@article{dong2014compressive,
  title={Compressive sensing via nonlocal low-rank regularization},
  author={Dong, Weisheng and Shi, Guangming and Li, Xin and Ma, Yi and Huang, Feng},
  journal={IEEE Transactions on Image Processing},
  volume={23},
  number={8},
  pages={3618--3632},
  year={2014},
  publisher={IEEE}
}

@article{metzler2014denoising,
  title={From denoising to compressed sensing},
  author={Metzler, Christopher A and Maleki, Arian and Baraniuk, Richard G},
  year={2014},
  publisher={IEEE}
}
@inproceedings{mun2009block,
  title={Block compressed sensing of images using directional transforms},
  author={Mun, Sungkwang and Fowler, James E},
  booktitle={2009 16th IEEE international conference on image processing (ICIP)},
  pages={3021--3024},
  year={2009},
  organization={IEEE}
}

@inproceedings{chen2011compressed,
  title={Compressed-Sensing Recovery of Images and Video Using Multihypothesis Predictions},
  author={Chen, Chen and Tramel, Eric W and Fowler, James E},
  booktitle={Asilomar Conference on Signals, Systems, and Computers},
  year={2011}
}

@inproceedings{fowler2011multiscale,
  title={Multiscale Block Compressed Sensing with Smoothed Projected Landweber Reconstruction},
  author={Fowler, James E and Mun, Sungkwang and Tramel, Eric W},
  booktitle={European Signal Processing Conference (EUSIPCO)},
  pages={564--568},
  year={2011}
}

@article{lecun2015deep,
  title={Deep learning},
  author={LeCun, Yann and Bengio, Yoshua and Hinton, Geoffrey},
  journal={Nature},
  volume={521},
  number={7553},
  pages={436--444},
  year={2015},
  publisher={Nature Publishing Group}
}

@inproceedings{krizhevsky2012imagenet,
  title={Imagenet classification with deep convolutional neural networks},
  author={Krizhevsky, Alex and Sutskever, Ilya and Hinton, Geoffrey E},
  booktitle={Advances in neural information processing systems},
  pages={1097--1105},
  year={2012}
}

@inproceedings{burger2012image,
  title={Image denoising: Can plain neural networks compete with BM3D?},
  author={Burger, Harold C and Schuler, Christian J and Harmeling, Stefan},
  booktitle={2012 IEEE Conference on Computer Vision and Pattern Recognition},
  pages={2392--2399},
  year={2012},
  organization={IEEE}
}

@incollection{dong2014learning,
  title={Learning a Deep Convolutional Network for Image Super-Resolution},
  author={Dong, Chao and Loy, Chen Change and He, Kaiming and Tang, Xiaoou},
  booktitle={Computer Vision--ECCV 2014},
  year={2014},
  publisher={Springer International Publishing}
}
